@article{mcnamee1986comparison,
	title={Comparison of spline and Lagrangian interpolation},
	author={McNamee, John Michael},
	journal={Journal of computational and applied mathematics},
	volume={16},
	number={2},
	pages={237--240},
	year={1986},
	publisher={Elsevier}
}

@article{macleod1982comparison,
	title={A comparison of algorithms for polynomial interpolation},
	author={Macleod, Allan J},
	journal={Journal of Computational and Applied Mathematics},
	volume={8},
	number={4},
	pages={275--277},
	year={1982},
	publisher={Elsevier}
}

@article{berrut2004barycentric,
	title={Barycentric lagrange interpolation},
	author={Berrut, Jean-Paul and Trefethen, Lloyd N},
	journal={SIAM review},
	volume={46},
	number={3},
	pages={501--517},
	year={2004},
	publisher={SIAM}
}

@article{burden1985numerical,
	title={Numerical analysis},
	author={Burden, Richard L and Faires, Douglas J},
	year={1985},
	publisher={PWS publishing company}
}